<collection xmlns="http://www.loc.gov/MARC21/slim">
<record>
  <leader>02006nam0a22003731i 450 </leader>
  <controlfield tag="001">IT\ICCU\CNCE\075545</controlfield>
  <controlfield tag="005">20170306000000.0</controlfield>
  <datafield tag="012" ind1=" " ind2=" ">
    <subfield code="a">rien o?tu e,Lo alin (C) 1505 (Q)</subfield>
    <subfield code="2">fei</subfield>
  </datafield>
  <datafield tag="100" ind1=" " ind2=" ">
    <subfield code="a">20110103f1505        0itac0103    ba</subfield>
  </datafield>
  <datafield tag="101" ind1=" " ind2=" ">
    <subfield code="a">ITA</subfield>
  </datafield>
  <datafield tag="102" ind1=" " ind2=" ">
    <subfield code="a">IT</subfield>
  </datafield>
  <datafield tag="200" ind1="1" ind2=" ">
    <subfield code="a">Predica del arte del bene morire</subfield>
  </datafield>
  <datafield tag="210" ind1=" " ind2=" ">
    <subfield code="d">\circa 1505!</subfield>
  </datafield>
  <datafield tag="215" ind1=" " ind2=" ">
    <subfield code="a">\18! c.</subfield>
    <subfield code="c">ill.</subfield>
    <subfield code="d">4ʻ</subfield>
  </datafield>
  <datafield tag="300" ind1=" " ind2=" ">
    <subfield code="a">Stampata a Firenze da Antonio Tubini e Andrea Ghirlandi; per il tipografo e la data, cfr.: D.E. Rhodes, Gli annali tipografici fiorentini del XV secolo, p. 135, n. 37; &lt;A HREF=&quot;http://data.cerl.org/istc/is00252000&quot; TARGET=&quot;_blank&quot;&gt;ISTC is00252000&lt;/A&gt;</subfield>
  </datafield>
  <datafield tag="620" ind1=" " ind2=" ">
    <subfield code="a">IT</subfield>
    <subfield code="d">Firenze</subfield>
  </datafield>
  <datafield tag="700" ind1=" " ind2="1">
    <subfield code="a">Savonarola,</subfield>
    <subfield code="b">Girolamo</subfield>
    <subfield code="3">IT\ICCU\CNCA\006595</subfield>
  </datafield>
  <datafield tag="712" ind1="0" ind2="0">
    <subfield code="a">Tubini, Antonio &amp; Ghirlandi, Andrea</subfield>
    <subfield code="3">IT\ICCU\CNCT\000649</subfield>
    <subfield code="4">650</subfield>
  </datafield>
  <datafield tag="790" ind1=" " ind2="0">
    <subfield code="a">Girolamo</subfield>
    <subfield code="c"> : da#Ferrara</subfield>
    <subfield code="3">IT\ICCU\CNCA\023900</subfield>
    <subfield code="z">Savonarola, Girolamo</subfield>
  </datafield>
  <datafield tag="790" ind1=" " ind2="0">
    <subfield code="a">Hieronymus</subfield>
    <subfield code="c"> : Ferrariensis</subfield>
    <subfield code="3">IT\ICCU\CNCA\023901</subfield>
    <subfield code="z">Savonarola, Girolamo</subfield>
  </datafield>
  <datafield tag="790" ind1=" " ind2="1">
    <subfield code="a">Savonarola,</subfield>
    <subfield code="b">Girolamo Maria Francesco Matteo</subfield>
    <subfield code="3">IT\ICCU\CNCA\023902</subfield>
    <subfield code="z">Savonarola, Girolamo</subfield>
  </datafield>
  <datafield tag="791" ind1="0" ind2="0">
    <subfield code="a">Ghirlandi, Andrea</subfield>
    <subfield code="3">IT\ICCU\CNCT\002180</subfield>
    <subfield code="z">Tubini, Antonio &amp; Ghirlandi, Andrea</subfield>
  </datafield>
  <datafield tag="791" ind1="0" ind2="0">
    <subfield code="a">Thobini, Antonio &amp; Gryllandi, Andrea</subfield>
    <subfield code="3">IT\ICCU\CNCT\004143</subfield>
    <subfield code="z">Tubini, Antonio &amp; Ghirlandi, Andrea</subfield>
  </datafield>
  <datafield tag="801" ind1=" " ind2="3">
    <subfield code="a">IT</subfield>
    <subfield code="b">ICCU</subfield>
    <subfield code="c">20201115</subfield>
  </datafield>
  <datafield tag="899" ind1=" " ind2=" ">
    <subfield code="a">Biblioteca Apostolica Vaticana. Citt ̉del Vaticano</subfield>
    <subfield code="1">EX0001</subfield>
    <subfield code="2">ZCV 01</subfield>
  </datafield>
  <datafield tag="899" ind1=" " ind2=" ">
    <subfield code="a">Biblioteca comunale Ariostea. Ferrara</subfield>
    <subfield code="1">FE0017</subfield>
    <subfield code="2">UFE AR</subfield>
  </datafield>
  <datafield tag="899" ind1=" " ind2=" ">
    <subfield code="a">Biblioteca nazionale centrale. Firenze</subfield>
    <subfield code="1">FI0098</subfield>
    <subfield code="2">CFI CF</subfield>
  </datafield>
  <datafield tag="899" ind1=" " ind2=" ">
    <subfield code="a">Biblioteca nazionale Vittorio Emanuele III. Napoli</subfield>
    <subfield code="1">NA0079</subfield>
    <subfield code="2">NAP BN</subfield>
  </datafield>
  <datafield tag="899" ind1=" " ind2=" ">
    <subfield code="a">Biblioteca nazionale centrale. Roma</subfield>
    <subfield code="1">RM0267</subfield>
    <subfield code="2">BVE CR</subfield>
  </datafield>
  <datafield tag="899" ind1=" " ind2=" ">
    <subfield code="a">Biblioteca Casanatense. Roma</subfield>
    <subfield code="1">RM0313</subfield>
    <subfield code="2">RML 07</subfield>
  </datafield>
  <datafield tag="899" ind1=" " ind2=" ">
    <subfield code="a">Biblioteca comunale Rafael Sari. Alghero</subfield>
    <subfield code="1">SS0004</subfield>
    <subfield code="2">CAG CA</subfield>
  </datafield>
  <datafield tag="899" ind1=" " ind2=" ">
    <subfield code="a">British Library. London</subfield>
    <subfield code="1">UK0001</subfield>
  </datafield>
  <datafield tag="899" ind1=" " ind2=" ">
    <subfield code="a">Biblioteca nazionale Marciana. Venezia</subfield>
    <subfield code="1">VE0049</subfield>
    <subfield code="2">VEA BM</subfield>
  </datafield>
  <datafield tag="899" ind1=" " ind2=" ">
    <subfield code="a">Biblioteche della Fondazione Giorgio Cini onlus. Venezia</subfield>
    <subfield code="1">VE0239</subfield>
    <subfield code="2">VEA FC</subfield>
  </datafield>
</record>
</collection>
